@article{liguojie2012,
  title={大数据研究$\backslash$ 未来科技及经济社会发展的重大战略领域-大数据的研究现状与科学思考 [J]},
  author={李国杰 and 程学旗},
  journal={中国科学院院刊},
  volume={27},
  number={6},
  pages={647--657},
  year={2012}
}

@article{yanxiaofeng2013,
  title={大数据研究},
  author={严霄凤 and 张德馨},
  journal={计算机技术与发展},
  volume={4},
  number={32},
  pages={4},
  year={2013}
}
@article{taoxuejiao2013,
  title={大数据研究综述},
  author={陶雪娇 and 胡晓峰 and 刘洋},
  journal={Journal of System Simulmion},
  year={2013}
}
@article{yuhuibin2010neicunyingshe,
  title={内存映射文件在大数据量海洋调查数据处理中的应用},
  author={于慧彬 and 齐鹏 and 梁捷 and 杨逍},
  journal={海洋技术},
  volume={29},
  number={1},
  pages={32--35},
  year={2010}
}

@article{liguojie2012jiazhi,
  title={大数据研究的科学价值},
  author={李国杰},
  journal={中国计算机学会通讯},
  volume={8},
  number={9},
  pages={8--15},
  year={2012}
}

@article{mengxiaofeng2013,
  title={大数据管理: 概念, 技术与挑战},
  author={孟小峰 and 慈祥},
  journal={计算机研究与发展},
  volume={50},
  number={1},
  pages={146--169},
  year={2013}
}
@book{sunhuiquan2004,
  title={图论及其应用},
  author={孙惠泉},
  volume={9},
  year={2004},
  publisher={科学出版社}
}
@article{zhuzhu2008,
  title={基于 Hadoop 的海量数据处理模型研究和应用 [D]},
  author={朱珠},
  journal={北京邮电大学},
  volume={37},
  number={5},
  pages={47--49},
  year={2008}
}

@article{wangshan2011jiagoudashuju,
  title={架构大数据: 挑战, 现状与展望},
  author={王珊 and 王会举 and 覃雄派 and others},
  journal={计算机学报},
  volume={34},
  number={10},
  pages={1741--1752},
  year={2011}
}

@article{zhangxiangwang2011,
  title={云计算环境下大规模数据处理的研究与初步实现},
  author={张兴旺 and 李晨晖 and 秦晓珠},
  journal={现代图书情报技术},
  volume={27},
  number={4},
  pages={17--23},
  year={2011}
}

@article{yuge2011,
  title={云计算环境下的大规模图数据处理技术},
  author={于戈 and 谷峪 and 鲍玉斌 and 王志刚},
  journal={计算机学报},
  volume={34},
  number={10},
  pages={1753--1767},
  year={2011}
}

@article{yuhuijia2007,
  title={基于大规模日志分析的搜索引擎用户行为分析},
  author={余慧佳 and 刘奕群 and 张敏 and 茹立云 and 马少平},
  journal={中文信息学报},
  volume={21},
  number={1},
  pages={109--114},
  year={2007}
}

@inproceedings{chen2010large,
  title={Large graph processing in the cloud},
  author={Chen, Rishan and Weng, Xuetian and He, Bingsheng and Yang, Mao},
  booktitle={Proceedings of the 2010 ACM SIGMOD International Conference on Management of data},
  pages={1123--1126},
  year={2010},
  organization={ACM}
}

@article{lumsdaine2007challenges,
  title={Challenges in parallel graph processing},
  author={Lumsdaine, Andrew and Gregor, Douglas and Hendrickson, Bruce and Berry, Jonathan},
  journal={Parallel Processing Letters},
  volume={17},
  number={01},
  pages={5--20},
  year={2007},
  publisher={World Scientific}
}

@article{lammel2008google,
  title={Google’s MapReduce programming model—Revisited},
  author={L{\"a}mmel, Ralf},
  journal={Science of computer programming},
  volume={70},
  number={1},
  pages={1--30},
  year={2008},
  publisher={Elsevier}
}
@article{dean2008mapreduce,
  title={MapReduce: simplified data processing on large clusters},
  author={Dean, Jeffrey and Ghemawat, Sanjay},
  journal={Communications of the ACM},
  volume={51},
  number={1},
  pages={107--113},
  year={2008},
  publisher={ACM}
}

@inproceedings{kang2011gbase,
  title={Gbase: a scalable and general graph management system},
  author={Kang, U and Tong, Hanghang and Sun, Jimeng and Lin, Ching-Yung and Faloutsos, Christos},
  booktitle={Proceedings of the 17th ACM SIGKDD international conference on Knowledge discovery and data mining},
  pages={1091--1099},
  year={2011},
  organization={ACM}
}

@article{kang2012gbase,
  title={Gbase: an efficient analysis platform for large graphs},
  author={Kang, U and Tong, Hanghang and Sun, Jimeng and Lin, Ching-Yung and Faloutsos, Christos},
  journal={The VLDB Journal},
  volume={21},
  number={5},
  pages={637--650},
  year={2012},
  publisher={Springer}
}

@inproceedings{kang2009pegasus,
  title={Pegasus: A peta-scale graph mining system implementation and observations},
  author={Kang, U and Tsourakakis, Charalampos E and Faloutsos, Christos},
  booktitle={Data Mining, 2009. ICDM'09. Ninth IEEE International Conference on},
  pages={229--238},
  year={2009},
  organization={IEEE}
}

@article{valiant1990bridging,
  title={A bridging model for parallel computation},
  author={Valiant, Leslie G},
  journal={Communications of the ACM},
  volume={33},
  number={8},
  pages={103--111},
  year={1990},
  publisher={ACM}
}

@inproceedings{malewicz2010pregel,
  title={Pregel: a system for large-scale graph processing},
  author={Malewicz, Grzegorz and Austern, Matthew H and Bik, Aart JC and Dehnert, James C and Horn, Ilan and Leiser, Naty and Czajkowski, Grzegorz},
  booktitle={Proceedings of the 2010 ACM SIGMOD International Conference on Management of data},
  pages={135--146},
  year={2010},
  organization={ACM}
}

@inproceedings{roy2013x,
  title={X-stream: Edge-centric graph processing using streaming partitions},
  author={Roy, Amitabha and Mihailovic, Ivo and Zwaenepoel, Willy},
  booktitle={Proceedings of the Twenty-Fourth ACM Symposium on Operating Systems Principles},
  pages={472--488},
  year={2013},
  organization={ACM}
}

@article{low2010graphlab,
  title={Graphlab: A new framework for parallel machine learning. arXiv preprint},
  author={Low, Yucheng and Gonzalez, Joseph and Kyrola, Aapo and Bickson, Danny and Guestrin, Carlos and Hellerstein, Joseph M},
  journal={arXiv preprint arXiv:1006.4990},
  volume={1},
  year={2010}
}

@inproceedings{khayyat2013mizan,
  title={Mizan: a system for dynamic load balancing in large-scale graph processing},
  author={Khayyat, Zuhair and Awara, Karim and Alonazi, Amani and Jamjoom, Hani and Williams, Dan and Kalnis, Panos},
  booktitle={Proceedings of the 8th ACM European Conference on Computer Systems},
  pages={169--182},
  year={2013},
  organization={ACM}
}

@inproceedings{salihoglu2013gps,
  title={Gps: A graph processing system},
  author={Salihoglu, Semih and Widom, Jennifer},
  booktitle={Proceedings of the 25th International Conference on Scientific and Statistical Database Management},
  pages={22},
  year={2013},
  organization={ACM}
}

@inproceedings{hong2012green,
  title={Green-Marl: a DSL for easy and efficient graph analysis},
  author={Hong, Sungpack and Chafi, Hassan and Sedlar, Edic and Olukotun, Kunle},
  booktitle={ACM SIGARCH Computer Architecture News},
  volume={40},
  number={1},
  pages={349--362},
  year={2012},
  organization={ACM}
}

@misc{hong2012tech,
  title={Tech Report: Compiling Green-Marl into GPS},
  author={Hong, Sungpack and Salihoglu, Semih and Widom, Jennifer and Olukotun, Kunle},
  year={2012},
  publisher={Technical report, Stanford University, October 2012. http://ppl. stanford. edu/papers/tr gm gps. pdf}
}

@inproceedings{gonzalez2012powergraph,
  title={PowerGraph: Distributed Graph-Parallel Computation on Natural Graphs.},
  author={Gonzalez, Joseph E and Low, Yucheng and Gu, Haijie and Bickson, Danny and Guestrin, Carlos},
  booktitle={OSDI},
  volume={12},
  number={1},
  pages={2},
  year={2012}
}

@inproceedings{cheng2012kineograph,
  title={Kineograph: taking the pulse of a fast-changing and connected world},
  author={Cheng, Raymond and Hong, Ji and Kyrola, Aapo and Miao, Youshan and Weng, Xuetian and Wu, Ming and Yang, Fan and Zhou, Lidong and Zhao, Feng and Chen, Enhong},
  booktitle={Proceedings of the 7th ACM european conference on Computer Systems},
  pages={85--98},
  year={2012},
  organization={ACM}
}

@article{pujol2011little,
  title={The little engine (s) that could: scaling online social networks},
  author={Pujol, Josep M and Erramilli, Vijay and Siganos, Georgos and Yang, Xiaoyuan and Laoutaris, Nikos and Chhabra, Parminder and Rodriguez, Pablo},
  journal={ACM SIGCOMM Computer Communication Review},
  volume={41},
  number={4},
  pages={375--386},
  year={2011},
  publisher={ACM}
}

@inproceedings{prabhakaran2012managing,
  title={Managing Large Graphs on Multi-Cores with Graph Awareness.},
  author={Prabhakaran, Vijayan and Wu, Ming and Weng, Xuetian and McSherry, Frank and Zhou, Lidong and Haradasan, Maya},
  booktitle={USENIX Annual Technical Conference},
  pages={41--52},
  year={2012}
}

@inproceedings{shun2013ligra,
  title={Ligra: a lightweight graph processing framework for shared memory},
  author={Shun, Julian and Blelloch, Guy E},
  booktitle={ACM SIGPLAN Notices},
  volume={48},
  number={8},
  pages={135--146},
  year={2013},
  organization={ACM}
}

@inproceedings{pearce2010multithreaded,
  title={Multithreaded asynchronous graph traversal for in-memory and semi-external memory},
  author={Pearce, Roger and Gokhale, Maya and Amato, Nancy M},
  booktitle={Proceedings of the 2010 ACM/IEEE International Conference for High Performance Computing, Networking, Storage and Analysis},
  pages={1--11},
  year={2010},
  organization={IEEE Computer Society}
}

@inproceedings{kyrola2012graphchi,
  title={GraphChi: Large-Scale Graph Computation on Just a PC.},
  author={Kyrola, Aapo and Blelloch, Guy E and Guestrin, Carlos},
  booktitle={OSDI},
  volume={12},
  pages={31--46},
  year={2012}
}

@inproceedings{han2013turbograph,
  title={TurboGraph: a fast parallel graph engine handling billion-scale graphs in a single PC},
  author={Han, Wook-Shin and Lee, Sangyeon and Park, Kyungyeol and Lee, Jeong-Hoon and Kim, Min-Soo and Kim, Jinha and Yu, Hwanjo},
  booktitle={Proceedings of the 19th ACM SIGKDD international conference on Knowledge discovery and data mining},
  pages={77--85},
  year={2013},
  organization={ACM}
}

@article{karp1988survey,
  title={A survey of parallel algorithms for shared-memory machines},
  author={Karp, Richard M},
  year={1988},
  publisher={University of California at Berkeley}
}

@incollection{srinivasan2008kilim,
  title={Kilim: Isolation-typed actors for java},
  author={Srinivasan, Sriram and Mycroft, Alan},
  booktitle={ECOOP 2008--Object-Oriented Programming},
  pages={104--128},
  year={2008},
  publisher={Springer}
}

@phdthesis{srinivasan2010kilim,
  title={Kilim: A Server Framework with Lightweight Actors Isolation Types Zero-copy Messaging},
  author={Srinivasan, Sriram},
  year={2010},
  school={University of Cambridge}
}

@inproceedings{srinivasan2006thread,
  title={A thread of one’s own},
  author={Srinivasan, Sriram},
  booktitle={Workshop on New Horizons in Compilers},
  volume={4},
  year={2006}
}

@inproceedings{karmani2009actor,
  title={Actor frameworks for the JVM platform: a comparative analysis},
  author={Karmani, Rajesh K and Shali, Amin and Agha, Gul},
  booktitle={Proceedings of the 7th International Conference on Principles and Practice of Programming in Java},
  pages={11--20},
  year={2009},
  organization={ACM}
}

@article{yangningxue2004neicunyingshe,
  title={内存映射文件及其在大数据量文件快速存取中的应用 [J]},
  author={杨宁学 and 诸昌钤 and 聂爱丽 and others},
  journal={计算机应用研究},
  volume={21},
  number={8},
  pages={187--188},
  year={2004}
}